@INBOOK{Richardson,
  editor        = {P.G. Drazin},
  title         = {Collected Papers of LF Richardson, Volume 1: Meteorology and Numerical Analysis},
  publisher     = {Cambridge University Press},
  address       = {Cambridge, UK},
  year          = {1993}
}

@BOOK{Anderson,
  author        = {D.A. Anderson and J.C. Tannehill and R.H. Pletcher},
  title         = {Computational Fluid Mechanics and Heat Transfer},
  publisher     = {Hemisphere Publishing Corporation},
  address       = {Philadelphia, PA},
  year          = {1984}
}

@BOOK{Ferziger,
  author        = {J.H. Ferziger and M. Peric},
  title         = {Computational Methods for Fluid Dynamics},
  edition       = {second},
  publisher     = {Springer-Verlag},
  address       = {Berlin},
  year          = {1999}
}

@BOOK{Patankar,
  author        = {S.V. Patankar},
  title         = {Numerical Heat Transfer and Fluid Flow},
  publisher     = {Hemisphere Publishing},
  address       = {New York},
  year          = {1980}
}

@BOOK{Peyret,
  author        = {R. Peyret and T.D. Taylor},
  title         = {Computational Methods for Fluid Flow},
  publisher     = {Springer-Verlag},
  address       = {New York},
  year          = {1983}
}

@BOOK{Versteeg,
  author        = {K. Versteeg and W. Malalasekera},
  title         = {An Introduction to Computational Fluid Dynamics -- The Finite Volume Method},
  publisher     = {Longmann},
  address       = {Essex, UK},
  year          = {1995}
}

@INBOOK{Cox:1995,
  author        = {G. Cox},
  chapter       = {Compartment Fire Modelling},
  title         = {Combustion Fundamentals of Fire},
  publisher     = {Academic Press},
  address       = {London},
  year          = {1995}
}

@ARTICLE{Cox:1998,
  author        = {G. Cox},
  title         = {Turbulent closure and the modelling of fire using computational fluid dynamics},
  journal       = {Phil.~Trans.~R.~Soc.~Lond.~A},
  volume        = {356},
  pages         = {2835-2854},
  year          = {1998}
}

@ARTICLE{Novozhilov,
  author        = {V. Novozhilov},
  title         = {{Computational Fluid Dynamics Modeling of Compartment Fires}},
  journal       = {Progress in Energy and Combustion Science},
  volume        = {27},
  pages         = {611-666},
  year          = {2001}
}

@ARTICLE{Olenick,
  author        = {S. Olenick and D. Carpenter},
  title         = {{An Updated International Survey of Computer Models for Fire and Smoke}},
  journal       = {Journal of Fire Protection Engineering},
  volume        = {13},
  pages         = {87-110},
  month         = {May},
  year          = {2003}
}

@ARTICLE{Rehm,
  author        = {R.G. Rehm and H.R. Baum},
  title         = {{The Equations of Motion for Thermally-Driven, Buoyant Flows}},
  journal       = {Journal of Research of the National Bureau of Standards},
  volume        = {83},
  pages         = {297-308},
  year          = {1978}
}

@ARTICLE{Yakhot,
  author        = {V. Yakhot and S.A. Orszag  and S. Thangam  and T.B. Gatski and C.G. Speziale},
  title         = {{Development  of  Turbulence  Models  for  Shear Flows by a Double Expansion Technique}},
  journal       = {Physics of Fluids A},
  volume        = {4},
  pages         = {1510-1520},
  year          = {1992}
}

@BOOK{Wilcox,
  author        = {D.C. Wilcox},
  title         = {Turbulence Modeling for CFD},
  edition       = {third},
  publisher     = {DCW Industries},
  address       = {La Ca\~{n}ada, CA},
  year          = {2006}
}

@ARTICLE{Smagorinsky,
  author        = {J. Smagorinsky},
  title         = {{General Circulation Experiments with the Primitive Equations. I. The Basic Experiment}},
  journal       = {Monthly Weather Review},
  volume        = {91},
  number        = {3},
  pages         = {99-164},
  year          = {1963}
}

@ARTICLE{Pope,
  author        = {S.B. Pope},
  title         = {{Ten Questions Concerning the Large-Eddy Simulation of Turbulent Flows}},
  journal       = {New Journal of Physics},
  volume        = {6},
  pages         = {1-24},
  year          = {2004}
}

@INPROCEEDINGS{Spalding:1971,
  author        = {D.B. Spalding},
  title         = {{Mixing and Chemical Reaction in Steady State Confined Turbulent Flames}},
  booktitle     = {13th Symposium (International) on Combusion},
  organization  = {The Combustion Institute},
  address       = {Pittsburgh, PA},
  pages         = {649-657},
  year          = {1971}
}

@INPROCEEDINGS{Magnussen,
  author        = {B.F. Magnussen and B.H. Hjertager},
  title         = {{On Mathematical Modelling of Turbulent Combustion with Special Emphasis on Soot Formation and Combustion}},
  booktitle     = {16th Symposium (International) on Combustion},
  organization  = {The Combustion Institute},
  address       = {Pittsburgh, PA},
  pages         = {719-729},
  year          = {1976}
}

@INPROCEEDINGS{Miles,
  author        = {S.D. Miles and S. Kumar and G. Cox},
  title         = {{Comparison of 'Blind Predictions' of a CFD Model with Experimental Data}},
  booktitle     = {Proceedings of the 6th International Symposium on Fire Safety Science},
  organization  = {International Association of Fire Safety Science},
  pages         = {543-554},
  year          = {2000}
}

@INPROCEEDINGS{Holen,
  author        = {J. Holen and M. Brostrom and B.F. Magnussen},
  title         = {{Finite Difference Calculation of Pool Fires}},
  booktitle     = {23rd Symposium (International) on Combustion},
  organization  = {The Combustion Institute},
  address       = {Pittsburgh, PA},
  pages         = {1677-1683},
  year          = {1990}
}

@INPROCEEDINGS{Peters,
  author        = {N. Peters},
  title         = {{Laminar Flamelet Concepts in Turbulent Combustion}},
  booktitle     = {21st Symposium (International) on Combustion},
  organization  = {The Combustion Institute},
  address       = {Pittsburgh, PA},
  pages         = {1231-1250},
  year          = {1986}
}

@ARTICLE{Tesner,
  author        = {P.A. Tesner and T.D. Snegirova and V.G. Knorre},
  title         = {{Kinetics of Dispersed Carbon Formation}},
  journal       = {Combustion and Flame},
  volume        = {17},
  pages         = {253-260},
  year          = {1971}
}

@BOOK{Siegel,
  author        = {R. Siegel and J.R. Howell},
  title         = {Thermal Radiation and Heat Transfer},
  edition       = {fourth},
  publisher     = {Taylor and Francis},
  address       = {New York},
  year          = {2002}
}

@ARTICLE{Hostikka,
  author        = {S. Hostikka and K.B. McGrattan},
  title         = {{Numerical Modeling of Radiative Heat Transfer in Water Sprays}},
  journal       = {Fire Safety Journal},
  volume        = {41},
  pages         = {76-86},
  year          = {2006}
}

@ARTICLE{DiBlasi,
  author        = {C. DiBlasi},
  title         = {{Modeling and Simulation of Combustion Processes of Charring and Non-Charring Solid Fuels}},
  journal       = {Progress in Energy and Combustion Science},
  volume        = {19},
  pages         = {71-104},
  year          = {1993}
}

@ARTICLE{Launder,
  author        = {B.E. Launder and D.B. Spalding},
  title         = {{The Numerical Computation of Turbulent Flows}},
  journal       = {Computer Methods in Applied Mechanics and Engineering},
  volume        = {3},
  pages         = {269-289},
  year          = {1974}
}

@ARTICLE{Spalding:1972,
  author        = {D.B. Spalding},
  title         = {{A Novel Finite Difference Formulation for Differential Expressions Involving Both First and Second Derivatives}},
  journal       = {International Journal for Numerical Methods in Engineering},
  volume        = {4},
  pages         = {551-559},
  year          = {1972}
}

@TECHREPORT{Grosshandler,
  author        = {W.L. Grosshandler and N. Bryner and D. Madrzykowski and K. Kuntz},
  title         = {{Report of the Technical Investigation of The Station Nightclub Fire}},
  type          = {NIST NCSTAR},
  number        = {2},
  institution   = {National Institute of Standards and Technology},
  address       = {Gaithersburg, MD},
  year          = {2005}
}

@TECHREPORT{McGrattan:2005,
  author        = {K.B.  McGrattan and C.  Bouldin and  G.P.  Forney},
  title         = {{Federal Building and Fire Safety Investigation of the World Trade Center Disaster: Computer Simulation of the Fires in the WTC Towers}},
  type          = {NIST NCSTAR},
  number        = {1-5F},
  institution   = {National Institute of Standards and Technology},
  address       = {Gaithersburg, MD},
  year          = {2005}
}

@TECHREPORT{Madrzykowski:2000,
  author        = {D. Madrzykowski and R.L. Vettori},
  title         = {{Simulation of the Dynamics of the Fire at 3146 Cherry Road NE, Washington, D.C., May 30, 1999}},
  type          = {NISTIR},
  number        = {6510},
  institution   = {National Institute of Standards and Technology},
  address       = {Gaithersburg, MD},
  year          = {2000}
}

@TECHREPORT{Madrzykowski:2004,
  author        = {D. Madrzykowski and W.D. Walton},
  title         = {{Cook County Administration Building Fire: Heat Release Rate Experiments and FDS Simulations}},
  type          = {NIST Special Publication},
  number        = {1021},
  institution   = {National Institute of Standards and Technology},
  address       = {Gaithersburg, MD},
  year          = {2004}
}

@ARTICLE{Christensen,
  author        = {A.M. Christensen and D.J. Icove},
  title         = {{The Application of NIST's Fire Dynamics Simulator to the Investigation of Carbon Monoxide Exposure in the Deaths of Three Pittsburgh Fire Fighters}},
  journal       = {Journal of Forensic Sciences},
  volume        = {49},
  number        = {1},
  pages         = {1-4},
  year          = {2004}
}

@MANUAL{ASTM:E1355,
  title        = {{ASTM E 1355-04, Standard Guide for Evaluating the Predictive Capabilities of Deterministic Fire Models}},
  organization = {American Society for Testing and Materials},
  year         = {2004},
  address      = {West Conshohocken, Pennsylvania}
}

@BOOK{Klote,
  author        = {J.H. Klote and J.A. Milke},
  title         = {Principles of Smoke Management},
  publisher     = {American Society of Heating, Refrigerating and Air Conditioning Engineers (ASHRAE)},
  address       = {Atlanta, GA},
  year          = {2002}
}

@MANUAL{NFPA:92B,
  title         = {{NFPA 92B, Standard for Smoke Management Systems in Malls, Atria and Large Spaces}},
  organization  = {National Fire Protection Association},
  address       = {Quincy, MA},
  year          = {2005}
}

@INPROCEEDINGS{Pericleous,
  author        = {K.A. Pericleous and D.R.E. Worthington and G. Cox},
  title         = {{The Field Modelling of Fire in an Air-Supported Structure}},
  booktitle     = {Proceedings of the 2nd International Symposium on Fire Safety Science},
  publisher     = {Hemisphere Publishing Corporation},
  address       = {Tokyo},
  pages         = {871-880},
  year          = {1988}
}

@INPROCEEDINGS{Cox:1990,
  author        = {G. Cox and S. Kumar and P. Cumber and V. Thomson and A. Porter},
  title         = {{Fire Simulation in the Design Evaluation Process: An Exemplification of the Use of a Computer Field Model}},
  booktitle     = {Proceedings of the 5th Interflam Conference},
  address       = {Canterbury, UK},
  pages         = {55-66},
  year          = {1990}
}

@INPROCEEDINGS{Kumar,
  author        = {S. Kumar and G. Cox},
  title         = {{Some Guidance on Correct Use of CFD Models for Fire Applications with Examples}},
  booktitle     = {Proceedings of Interflam 2001},
  address       = {Edinburgh},
  pages         = {823-834},
  year          = {2001}
}

@INBOOK{Jin,
  author        = {T. Jin},
  chapter       = {{Visibility and Human Behaviour in Fire Smoke}},
  title         = {SFPE Handbook of Fire Protection Engineering},
  edition       = {fourth},
  publisher     = {National Fire Protection Association},
  address       = {Quincy, MA},
  year          = {2008}
}

@INBOOK{Mulholland,
  author        = {G.W. Mulholland},
  chapter       = {{Smoke Production and Properties}},
  title         = {SFPE Handbook of Fire Protection Engineering},
  edition       = {fourth},
  publisher     = {National Fire Protection Association},
  address       = {Quincy, MA},
  year          = {2008}
}

@INPROCEEDINGS{Husted,
  author        = {B.P. Husted and J. Carlsson and U. Goransonn},
  title         = {{Visibility Through Inhomogeneous Smoke Using CFD}},
  booktitle     = {Proceedings of Interflam 2004},
  address       = {Edinburgh},
  pages         = {697-702},
  year          = {2004}
}

@ARTICLE{Simcox,
  author        = {S. Simcox and N.S. Wilkes},
  title         = {{Computer Simulation of the Flows of Hot Gases from the Fire at King's Cross Underground Station}},
  journal       = {Fire Safety Journal},
  volume        = {18},
  pages         = {49-73},
  year          = {1992}
}

@BOOK{Turner,
  author        = {J.S. Turner},
  title         = {Buoyancy Effects in Fluids},
  publisher     = {Cambridge University Press},
  address       = {Cambridge, UK},
  year          = {1973}
}

@INPROCEEDINGS{Baum,
  author        = {H.R. Baum and K.B. McGrattan and R.G. Rehm},
  title         = {{Simulation of Smoke Plumes from Large Pool Fires}},
  booktitle     = {Proceedings of the 25th (International) Symposium on Combustion},
  organization  = {The Combustion Institute},
  address       = {Pittsburgh, PA},
  pages         = {1463-1469},
  year          = {1994}
}

@ARTICLE{Hwang,
  author        = {C.C. Hwang and J.C. Edwards},
  title         = {{The Critical Ventilation Velocity in Tunnel Fires -- A Computer Simulation}},
  journal       = {Fire Safety Journal},
  volume        = {40},
  pages         = {213-244},
  year          = {2005}
}

@ARTICLE{Ingason,
  author        = {H. Ingason and A. L\"{o}nnermark},
  title         = {{Heat Release Rates from Heavy Goods Vehicle Trailer Fires in Tunnels}},
  journal       = {Fire Safety Journal},
  volume        = {40},
  pages         = {646-668},
  year          = {2005}
}

@INPROCEEDINGS{Miles:2004,
  author        = {S. Miles and S. Kumar},
  title         = {{Computer Modelling to Assess the Benefits of Tunnel Sprinkler and Ventilation Fire Safety Measures}},
  booktitle     = {Proceedings of 5th International Conference on Tunnel Fires},
  organization  = {Tunnel Management International},
  address       = {London},
  pages         = {23-32},
  year          = {2004}
}

@TECHREPORT{Hill:2007,
  author        = {K. Hill and J. Dreisbach and F. Joglar and B. Najafi and K. McGrattan and R. Peacock and A. Hamins },
  title         = {{Verification and Validation of Selected Fire Models for Nuclear Power Plant Applications}},
  type          = {NUREG},
  number        = {1824},
  institution   = {United States Nuclear Regulatory Commission},
  address       = {Washington, D.C.},
  year          = {2007}
}

@TECHREPORT{Stroup:2012,
  author        = {D. Stroup and R. Wachowiak},
  title         = {{Nuclear Power Plant Fire Modeling Analysis Guidelines}},
  type          = {NUREG},
  number        = {1934},
  institution   = {United States Nuclear Regulatory Commission},
  address       = {Washington, D.C.},
  year          = {2012}
}

@ARTICLE{McGrattan:Metrologia,
  author        = {K. McGrattan and B. Toman},
  title         = {{Quantifying the predictive uncertainty of complex numerical models}},
  journal       = {Metrologia},
  volume        = {48},
  pages         = {173-180},
  year          = {2011}
}

@TECHREPORT{O'Connor:NFPRF,
  author        = {D.J. O'Connor and E. Cui and M.J. Klaus and C.H. Lee and C. Su and Z. Sun and M. He and Y. Jiang and J. Vythoulkas and T. Al-Farra},
  title         = {{Smoke Detector Performance for Level Ceilings with Deep Beams and Deep Pocket Configurations}},
  type          = {{Fire Protection Research Foundation report}},
  institution   = {National Fire Protection Association},
  address       = {Quincy, MA},
  year          = {2006}
}

@TECHREPORT{Mealy:NFPRF,
  author        = {C. Mealy and J. Floyd and D. Gottuk and S. Riahi},
  title         = {{Smoke Detector Spacing Requirements for Complex Beamed and Sloped Ceilings}},
  type          = {{Fire Protection Research Foundation report}},
  institution   = {National Fire Protection Association},
  address       = {Quincy, MA},
  year          = {2008}
}

@BOOK{Pope:2000,
  author       = {Stephen B. Pope},
  title        = {Turbulent Flows},
  year         = {2000},
  publisher    = {Cambridge University Press}
}

@ARTICLE{Tieszen:2002,
  author       = {S. R. Tieszen and T. J. O'Hern and R. W. Schefer and E. J. Weckman and T. K. Blanchat},
  title        = {Experimental Study of the Flow Field In and Around A One Meter Diameter Methane Fire},
  year         = {2002},
  journal      = {Combustion and Flame},
  volume       = {129},
  pages        = {378-391},
}

@ARTICLE{Heskestad:FSJ1983,
  author       = {Heskestad, G.},
  title        = {{Luminous Heights of Turbulent Diffusion Flames}},
  journal      = {Fire Safety Journal},
  year         = {1983},
  volume       = {5},
  pages        = {103-108},
}

@ARTICLE{Heskestad:1988,
  author       = {Heskestad, G. and Bill, R.G.},
  title        = {{Quantification of Thermal Responsiveness of Automatic Sprinklers Including Conduction Effects}},
  journal      = {Fire Safety Journal},
  year         = {1988},
  volume       = {14},
  pages        = {113-125}
}

@INPROCEEDINGS{Gottuk:2008,
  author        = {D. Gottuk and C. Mealy and J. Floyd},
  title         = {{Smoke Transport and FDS Validation}},
  booktitle     = {Fire Safety Science -- Proceedings of the 9th International Symposium},
  organization  = {International Association of Fire Safety Science},
  address       = {Karlsruhe, Germany},
  month         = {September},
  pages         = {129-140},
  year          = {2008}
}

@TECHREPORT{Bryner:2011,
  author        = {N.P. Bryner and S.P. Fuss and B.W. Klein and A.D. Putorti},
  title         = {{Technical Study of the Sofa Super Store Fire - South Carolina, June 18, 2007}},
  type          = {NIST Special Publication},
  number        = {1118},
  institution   = {National Institute of Standards and Technology},
  address       = {Gaithersburg, MD},
  year          = {2011}
}

@INPROCEEDINGS{Spalart,
  author        = {P.R. Spalart and W.H Jou and M. Stretlets and S.R. Allmaras},
  title         = {{Comments on the Feasibility of LES for Wings and on the Hybrid RANS/LES Approach}},
  booktitle     = {Proceedings of the First AFOSR International Conference on DNS/LES},
  organization  = {Air Force Office of Aerospace Research},
  address       = {Louisiana Tech University},
  year          = {1997}
}

@INPROCEEDINGS{Makhviladze,
  author        = {G.M. Makhviladze and J.P. Roberts and O.I. Melikhov and V.I. Melikhov},
  title         = {{Numerical Simulation of Sprinkler Jet-Fire Interaction for Compartment Fires}},
  booktitle     = {Proceedings of the 2nd International Seminar on Fire and Explosion Hazard of Substances and Venting of Deflagrations},
  organization  = {All-Russian Institute for Fire Proection},
  address       = {Moscow},
  month         = {August},
  pages         = {485-496},
  year          = {1997}
}

@INPROCEEDINGS{Welch,
  author        = {S. Welch and S. Miles and S. Kumar and T. Lemaire and A. Chan},
  title         = {{FIRESTRUC -- Integrating Advanced Three-dimensional Modelling Methodologies for Predicting Thermo-mechanical Behaviour of Steel and Composite Structures Subjected to Natural Fires}},
  booktitle     = {Proceedings of the 9th International Symposium on Fire Safety Science},
  organization  = {International Association of Fire Safety Science},
  address       = {Karlsruhe, Germany},
  month         = {September},
  pages         = {1315-1326},
  year          = {2008}
}
