%%
%% FDS Team authored FDS and SV documents
%%


%%% FDS user's guides

@techreport{FDS_Users_Guide_5,
  author = "McGrattan, K.B. and Klein, B.W. and Hostikka, S. and Floyd, J.E.",
  title = "{Fire Dynamics Simulator (Version 5), User's Guide}",
  institution = "National Institute of Standards and Technology",
  year = 2007,
  month = "October",
  type   = "NIST Special Publication",
  number = "1019-5",
  address = "Gaithersburg, Maryland"
  }

@techreport{FDS_Users_Guide_4,
  author = "McGrattan, K.B. and Forney, G.P.",
  title = "{Fire Dynamics Simulator (Version 4), User's Guide}",
  institution = "National Institute of Standards and Technology",
  year = 2004,
  month = "July",
  type   = "NIST Special Publication",
  number = "1019",
  address = "Gaithersburg, Maryland"
  }

@techreport{McGrattan:10,
  author = "McGrattan, K.B. and Forney, G.P. and Floyd, J.E. and Prasad, K. and Hostikka, S.",
  title = "{Fire Dynamics Simulator (Version 3), User's Guide}",
  institution = "National Institute of Standards and Technology",
  year = 2002,
  month = "November",
  type = "NISTIR",
  number = "6784, 2002 edition",
  address = "Gaithersburg, Maryland"
  }

@techreport{McGrattan:C,
  author = "McGrattan, K.B. and Forney, G.P. and Floyd, J.E. and Prasad, K. and Hostikka, S.",
  title = "{Fire Dynamics Simulator (Version 2), User's Guide}",
  institution = "National Institute of Standards and Technology",
  year = 2001,
  month = "November",
  type = "NISTIR",
  number = "6784",
  address = "Gaithersburg, Maryland"
  }

@techreport{McGrattan:7,
  author = "McGrattan, K.B. and Forney, G.P.",
  title = "{Fire Dynamics Simulator: User's Manual}",
  institution = "National Institute of Standards and Technology",
  year = 2000,
  month = "January",
  type = "NISTIR",
  number = "6469",
  address = "Gaithersburg, Maryland"
  }

@MISC{FDS-SMV_repository,
  howpublished = {{\tt http://code.google.com/p/fds-smv/source/browse/\#svn/trunk/FDS/trunk}},
}


%%% FDS technical guides

@manual{FDS_Tech_Guide_5,
  title = "{Fire Dynamics Simulator, Technical Reference Guide}",
  organization = "National Institute of Standards and Technology, Gaithersburg, Maryland, USA, and VTT Technical Research Centre of Finland, Espoo, Finland",
  edition = "5th",
  year = 2007,
  month = "October",
  note = "NIST Special Publication 1018-5 (Four volume set)"
  }

@techreport{FDS_Math_Guide_5,
  author = "McGrattan, K.B. and Hostikka, S. and Floyd, J.E. and Baum, H.R. and Rehm, R.G. and Mell, W.E. and McDermott, R.",
  title = "{Fire Dynamics Simulator (Version 5), Technical Reference Guide, Volume 1: Mathematical Model}",
  institution = "National Institute of Standards and Technology",
  year = 2007,
  month = "October",
  type   = "NIST Special Publication",
  number = "1018-5",
  address = "Gaithersburg, Maryland"
  }

@techreport{FDS_Verification_Guide_5,
  author = "McDermott, R. and McGrattan, K.B. and Hostikka, S. and Floyd, J.E.",
  title = "{Fire Dynamics Simulator (Version 5), Technical Reference Guide, Volume 2: Verification}",
  institution = "National Institute of Standards and Technology",
  year = 2007,
  month = "October",
  type   = "NIST Special Publication",
  number = "1018-5",
  address = "Gaithersburg, Maryland"
  }

@techreport{FDS_Validation_Guide_5,
  author = "McGrattan, K.B. and Hostikka, S. and Floyd, J.E. and Klein, B.W.",
  title = "{Fire Dynamics Simulator (Version 5), Technical Reference Guide, Volume 3: Experimental Validation}",
  institution = "National Institute of Standards and Technology",
  year = 2007,
  month = "October",
  type   = "NIST Special Publication",
  number = "1018-5",
  address = "Gaithersburg, Maryland"
  }

@techreport{FDS_Configuration_Management_Plan_5,
  author = "McGrattan, K.B. and Klein, B.W.",
  title = "{Fire Dynamics Simulator (Version 5), Technical Reference Guide, Volume 4: Configuration Management Plan}",
  institution = "National Institute of Standards and Technology",
  year = 2007,
  month = "October",
  type   = "NIST Special Publication",
  number = "1018-5",
  address = "Gaithersburg, Maryland"
  }

@techreport{FDS_Tech_Guide_4,
  author = "McGrattan (editor), K.B.",
  title = "{Fire Dynamics Simulator (Version 4), Technical Reference Guide}",
  institution = "National Institute of Standards and Technology",
  year = 2004,
  month = "July",
  type   = "NIST Special Publication",
  number = "1018",
  address = "Gaithersburg, Maryland"
  }

@techreport{McGrattan:9,
  author = "McGrattan, K.B. and Baum, H.R. and Rehm, R.G. and
  Forney, G.P. and Floyd, J.E. and Prasad, K. and Hostikka, S.",
  title = "{Fire Dynamics Simulator (Version 3), Technical Reference Guide}",
  institution = "National Institute of Standards and Technology",
  year = 2002,
  month = "November",
  type = "NISTIR",
  number = "6783, 2002 edition",
  address = "Gaithersburg, Maryland"
  }

@techreport{McGrattan:A,
  author = "McGrattan, K.B. and Baum, H.R. and Rehm, R.G. and Hamins, A. and
  Forney, G.P. and Floyd, J.E. and Hostikka, S.",
  title = "{Fire Dynamics Simulator (Version 2), Technical Reference Guide}",
  institution = "National Institute of Standards and Technology",
  year = 2001,
  month = "November",
  type = "NISTIR",
  number = "6783",
  address = "Gaithersburg, Maryland"
  }

@techreport{McGrattan:6,
  author = "McGrattan, K.B. and Baum, H.R. and Rehm, R.G. and Hamins, A. and
  Forney, G.P.",
  title = "{Fire Dynamics Simulator, Technical Reference Guide}",
  institution = "National Institute of Standards and Technology",
  year = 2000,
  month = "January",
  type = "NISTIR",
  number = "6467",
  address = "Gaithersburg, Maryland"
  }


%%% SV proceedings article (section documenting smoke algorithm)

@techreport{Forney:2007A,
  author = "Glenn P. Forney and William E. Mell",
  title = "{Visualization and Modeling of Smoke Transport Over Landscape Scales}",
  institution = "NIST",
  year = 2007,
  month = "May",
  number = "NISTIR 7428",
  address = "Gaithersburg, Maryland"}

%%% SV verification guide

@techreport{Smokeview_Verification_Guide_5,
  author = "Forney, G.P.",
  title = "{Smokeview (Version 5), A Tool for Visualizing Fire Dynamics Simulation Data,
  Volume III: Verification Guide}",
  institution = "National Institute of Standards and Technology",
  year = 2009,
  month = "May",
  type   = "NIST Special Publication",
  number = "1017-1C",
  address = "Gaithersburg, Maryland"
  }

%%% SV technical guide

@techreport{Smokeview_Tech_Guide_5,
  author = "Forney, G.P.",
  title = "{Smokeview (Version 5), A Tool for Visualizing Fire Dynamics Simulation Data,
  Volume II: Technical Reference Guide}",
  institution = "National Institute of Standards and Technology",
  year = 2009,
  month = "May",
  type   = "NIST Special Publication",
  number = "1017-1B",
  address = "Gaithersburg, Maryland"
  }

%%% SV user's guides

@techreport{Smokeview_Users_Guide_5,
  author = "Forney, G.P.",
  title = "{Smokeview (Version 5), A Tool for Visualizing Fire Dynamics Simulation Data,
  Volume I: User's Guide}",
  institution = "National Institute of Standards and Technology",
  year = 2007,
  month = "August",
  type   = "NIST Special Publication",
  number = "1017-1A",
  address = "Gaithersburg, Maryland"
  }

@techreport{Smokeview_Users_Guide_4,
  author = "Forney, G.P. and McGrattan, K.B.",
  title = "{User's Guide for Smokeview Version 4}",
  institution = "National Institute of Standards and Technology",
  year = 2004,
  month = "July",
  type   = "NIST Special Publication",
  number = "1017",
  address = "Gaithersburg, Maryland"
  }

@techreport{Forney:3,
  author = "Forney, G.P. and McGrattan, K.B.",
  title = "{User's Guide for Smokeview Version 3.1: A Tool
  for Visualizing Fire Dynamics Simulation Data}",
  institution = "National Institute of Standards and Technology",
  year = 2003,
  month = "April",
  type = "NISTIR",
  number = "6980",
  address = "Gaithersburg, Maryland"
  }

@techreport{Forney:2,
  author = "Forney, G.P. and McGrattan, K.B.",
  title = "{User's Guide for Smokeview Version 2.0}",
  institution = "National Institute of Standards and Technology",
  year = 2001,
  month = "August",
  type = "NISTIR",
  number = "6761",
  address = "Gaithersburg, Maryland"
  }

@techreport{Forney:A,
  author = "Forney, G.P. and McGrattan, K.B.",
  title = "{User's Guide for Smokeview Version 1.0: A Tool
  for Visualizing Fire Dynamics Simulation Data}",
  institution = "National Institute of Standards and Technology",
  year = 2000,
  month = "May",
  type = "NISTIR",
  number = "6513",
  address = "Gaithersburg, Maryland"
  }
