@ARTICLE{FTMI:Methodology,
  author       = {J.C. Silva and A. Landesmann and F.L. Ribeiro},
  title        = {{Fire-Thermomechanical Interface Model to Performance-based Analysis of Structures Exposed to Fire}},
  journal      = {Submitted to Fire Safety Journal},
  year         = { - },
  volume       = { - },
  number       = { - },
  pages        = {--}
}

@ARTICLE{FTMI:Validation,
  author       = {C. Zhang and J.C. Silva and C. Weinschenk and D. Kamikawa and Y. Hasemi}, 
  title        = {{Simulation Methodology for Coupled Fire-Structure Analysis: Modeling localized fire tests on a steel column}},
  journal      = {Fire Technology},
  year         = {2016},
  volume       = {52},
  number       = {1},
  pages        = {239-262}
}

@ARTICLE{FTMI:Duthinh,
  author       = {D. Duthinh and K. McGrattan and A. Khaskiac}, 
  title        = {{Recent advances in fire structure analysis}},
  journal      = {Fire Safety Journal},
  year         = {2008},
  volume       = {43},
  number       = {},
  pages        = {161-167}
}

@INPROCEEDINGS{FTMI:Sandstrom,
  author       = {J. Sandstr\"{o}m and U. Wickstr\"{o}m and M. Velkovic},
  title        = {{Adiabatic Surface Temperature: A sufficient Input Data for a Thermal Model}},
  booktitle    = {Proceedings of Application of Structural Fire Engineering},
  year         = {2009},
  pages        = {},
  publisher    = {},
}

@INPROCEEDINGS{FTMI:Wickstrom2010,
  author       = {U. Wickstr\"{o}m and A. Robbins and G. Baker},
  title        = {{The Use of Adiabatic Surface Temperature to Design Structures for Fire}},
  booktitle    = {Proceedings of Structures in Fire (SIF)},
  year         = {2010},
  pages        = {},
  publisher    = {},
}